<record><leader>00000cas a22000007a 4500</leader><controlfield tag="001">12382733</controlfield><controlfield tag="008">850814d18681924gauwr ne      0    0eng d</controlfield><datafield ind1=" " ind2=" " tag="010"><subfield code="a">sn 85034046 </subfield></datafield><datafield ind1=" " ind2=" " tag="040"><subfield code="a">NPU</subfield><subfield code="b">eng</subfield><subfield code="c">NPU</subfield><subfield code="d">NPX</subfield><subfield code="d">NLG</subfield><subfield code="d">NVK</subfield><subfield code="d">OCLCQ</subfield><subfield code="d">GUA</subfield><subfield code="d">OCLCQ</subfield><subfield code="d">OCLCO</subfield><subfield code="d">OCLCA</subfield><subfield code="d">OCLCF</subfield></datafield><datafield ind1="1" ind2=" " tag="029"><subfield code="a">AU@</subfield><subfield code="b">000020386372</subfield></datafield><datafield ind1=" " ind2=" " tag="042"><subfield code="a">msc</subfield></datafield><datafield ind1=" " ind2=" " tag="043"><subfield code="a">n-us-ga</subfield></datafield><datafield ind1="0" ind2=" " tag="130"><subfield code="a">North Georgia citizen (Dalton, Ga. : 1868)</subfield></datafield><datafield ind1="1" ind2="0" tag="245"><subfield code="a">North Georgia citizen.</subfield></datafield><datafield ind1="3" ind2="0" tag="246"><subfield code="a">Whitfield County avalanche</subfield></datafield><datafield ind1=" " ind2=" " tag="260"><subfield code="a">Dalton, Ga. :</subfield><subfield code="b">J.T. Whitman and Henry A. Wrench,</subfield><subfield code="c">[1868]-1924.</subfield></datafield><datafield ind1=" " ind2=" " tag="300"><subfield code="a">v. ;</subfield><subfield code="c">66 cm.</subfield></datafield><datafield ind1=" " ind2=" " tag="310"><subfield code="a">Weekly</subfield></datafield><datafield ind1="1" ind2=" " tag="362"><subfield code="a">Began in 1868.</subfield></datafield><datafield ind1="0" ind2=" " tag="362"><subfield code="a">-v. 77, no. 15 (Jan. 17, 1924).</subfield></datafield><datafield ind1=" " ind2=" " tag="500"><subfield code="a">Published as Whitfield County avalanche in Nov. and Dec. 1896.</subfield></datafield><datafield ind1=" " ind2=" " tag="500"><subfield code="a">"Democratic," &lt;1876&gt;.</subfield></datafield><datafield ind1=" " ind2=" " tag="515"><subfield code="a">Suspended publication between &lt;Sept. 29, 1893&gt; and Oct. 4, 1894.</subfield></datafield><datafield ind1=" " ind2=" " tag="530"><subfield code="a">Also on microfilm: Athens, Ga. : University of Georgia Libraries.</subfield></datafield><datafield ind1=" " ind2=" " tag="588"><subfield code="a">Description based on: Vol. 1, no. 24 (June 18, 1868).</subfield></datafield><datafield ind1=" " ind2="0" tag="651"><subfield code="a">Dalton (Whitfield County, Ga.)</subfield><subfield code="v">Newspapers.</subfield></datafield><datafield ind1=" " ind2="0" tag="651"><subfield code="a">Whitfield County (Ga.)</subfield><subfield code="v">Newspapers.</subfield></datafield><datafield ind1=" " ind2="7" tag="655"><subfield code="a">Newspapers.</subfield><subfield code="2">fast</subfield><subfield code="0">(OCoLC)fst01423814</subfield></datafield><datafield ind1=" " ind2="7" tag="651"><subfield code="a">Georgia</subfield><subfield code="z">Dalton (Whitfield County)</subfield><subfield code="2">fast</subfield><subfield code="0">(OCoLC)fst01729450</subfield></datafield><datafield ind1=" " ind2="7" tag="651"><subfield code="a">Georgia</subfield><subfield code="z">Whitfield County.</subfield><subfield code="2">fast</subfield><subfield code="0">(OCoLC)fst01214632</subfield></datafield><datafield ind1=" " ind2=" " tag="752"><subfield code="a">United States</subfield><subfield code="b">Georgia</subfield><subfield code="c">Whitfield</subfield><subfield code="d">Dalton.</subfield></datafield><datafield ind1="0" ind2="0" tag="780"><subfield code="t">North Georgia times</subfield></datafield><datafield ind1="0" ind2="0" tag="785"><subfield code="t">Dalton citizen</subfield><subfield code="w">(DLC)sn 89053941</subfield><subfield code="w">(OCoLC)21388669</subfield></datafield></record>